@incollection{wang2000alternating,
  title={Alternating fixpoint theory for logic programs with priority},
  author={Wang, Kewen and Zhou, Lizhu and Lin, Fangzhen},
  booktitle={Computational Logicâ€”CL 2000},
  year={2000},
  publisher={Springer}
}

